@Misc{mc,
OPTtitle = {Monitor de computador},
OPThowpublished = {https://pt.wikipedia.org/wiki/Monitor_de_computador#Hist.C3.B3ria},
OPTnote = {Acedido a: 2017-11-14}
}
@Misc{lcd,
OPTtitle = {LCD},
OPThowpublished = {https://pt.wikipedia.org/wiki/LCD#Hist.C3.B3ria},
OPTnote = {Acedido a: 2017-11-15}
}
@Misc{mv,
OPTtitle = {Monitor de v√≠deo},
OPThowpublished = {https://pt.wikipedia.org/wiki/Monitor_de_v%C3%ADdeo},
OPTnote = {Acedido a: 2017-11-15}
}
@Misc{dr,
OPTtitle = {Display resolution},
OPThowpublished = {https://en.wikipedia.org/wiki/Display_resolution},
OPTnote = {Acedido a: 2017-11-15}
}
@Misc{gdr,
OPTtitle = {Graphics display resolution},
OPThowpublished = {https://en.wikipedia.org/wiki/Graphics_display_resolution#WSXGA.2B_.281680.C3.971050.29},
OPTnote = {Acedido a: 2017-11-16}
}
@Misc{crt,
OPTtitle = {CRT},
OPThowpublished = {https://pt.wikipedia.org/wiki/Tubo_de_raios_cat%C3%B3dicos},
OPTnote = {Acedido a: 2017-11-15}
}
@Misc{mb,
OPTtitle = {Raster},
OPThowpublished = {https://pt.wikipedia.org/wiki/Raster},
OPTnote = {Acedido a: 2017-11-15}
}
@Misc{pc,
OPTtitle = {Profundidade de cor},
OPThowpublished = {https://pt.wikipedia.org/wiki/Profundidade_de_cor},
OPTnote = {Acedido a: 2017-11-15}
}
@Misc{p,
OPTtitle = {Pixel},
OPThowpublished = {https://pt.wikipedia.org/wiki/Pixel},
OPTnote = {Acedido a: 2017-11-15}
}